<?xml version="1.0" encoding="UTF-8"?><collection xmlns="http://www.loc.gov/MARC21/slim"><record><leader>00391nam--2200133-i-4500</leader><controlfield tag="001">000019296</controlfield><controlfield tag="002">20161230</controlfield><controlfield tag="005">20161230201033</controlfield><controlfield tag="008">060222s1000------------r-----000-0-eng-d</controlfield><datafield ind1=" " ind2=" " tag="080"><subfield code="a">546.791</subfield></datafield><datafield ind1=" " ind2=" " tag="100"><subfield code="a">Delobel, Rene</subfield></datafield><datafield ind1=" " ind2=" " tag="245"><subfield code="a">Etude structurale des hydrates des sulfates d`uranyle et d`uranium iv.these</subfield></datafield><datafield ind1=" " ind2=" " tag="260"><subfield code="a">Lille, La Faculte Des Sciences De L`Universite 1970. 68 P</subfield></datafield><datafield ind1=" " ind2=" " tag="852"><subfield code="a">35818</subfield></datafield></record></collection>